
@ONLINE{ copris,
       author = "Naoyuki Tamura",
       title = "Copris: Constraint Programming in Scala",
	url = {http://bach.istc.kobe-u.ac.jp/copris/},
	year = {2012},
	note = "[accessed October 17th 2012]" }

@ONLINE{ OscaR,
	author = "OscaR",
	title = "OscaR: Operational Research in Scala",
	url = {https://bitbucket.org/oscarlib/oscar/wiki/Home},
	year = {2012},
	month = {10},
	note = "[accessed October 17th 2012]"	
}

@ONLINE{ hakank,
	author = "Hakan Kjellerstrand",
	title = "My Constraint Programming Blog: A first look at OscaR (Scala in OR), former Scampi",
	url = {http://www.hakank.org/constraint_programming_blog/2012/08/a_first_look_at_oscar_scala_in_or_former_scampi_1.html},
	year = {2012},
	month = {8},
	note = "[accessed October 17th 2012]"	
}

@ONLINE{ flapjax,
	author = "The Flapjax Team",
	title = "Flapjax",
	url = {http://www.flapjax-lang.org/},
	note = "[accessed November 8th 2012]"
}
